@incollection{paper1,
booktitle = {Human-Centered Artificial Intelligence},
title = {Chapter 1 - Are AI models explainable, interpretable, and understandable?},
editor = {Chang S. Nam and Jae-Yoon Jung and Sangwon Lee},
publisher = {Academic Press},
pages = {3-16},
year = {2022},
isbn = {978-0-323-85648-5},
doi = {10.1016/B978-0-323-85648-5.00003-7},
author = {Jae-Yoon Jung and Donghyun Park},
keywords = {Artificial intelligence, Deep learning, Explainable AI (XAI), Machine learning}
}

@incollection{paper2,
title = {General Introduction},
editor = {Anthonie Meijers},
booktitle = {Philosophy of Technology and Engineering Sciences},
publisher = {North-Holland},
address = {Amsterdam},
pages = {1-19},
year = {2009},
series = {Handbook of the Philosophy of Science},
issn = {18789846},
doi = {10.1016/B978-0-444-51667-1.50004-5},
}

@techreport{paper3,
author = {Hewett, Thomas T. and Baecker, Ronald and Card, Stuart and Carey, Tom and Gasen, Jean and Mantei, Marilyn and Perlman, Gary and Strong, Gary and Verplank, William},
title = {ACM SIGCHI Curricula for Human-Computer Interaction},
year = {1992},
isbn = {0897914740},
publisher = {ACM},
address = {New York, NY, USA},
doi = {10.1145/2594128},
}

@incollection{paper4,
title = {Preface},
editor = {Marting G. Helander and Thomas K. Landauer and Prasad V. Prabhu},
booktitle = {Handbook of Human-Computer Interaction (Second Edition)},
publisher = {North-Holland},
edition = {Second Edition},
address = {Amsterdam},
pages = {xi-xiii},
year = {1997},
isbn = {978-0-444-81862-1},
doi = {10.1016/B978-044481862-1.50066-2},
author = {Martin Helander and Thomas K. Landauer and Prasad Prabhu}
}

@article{paper5e,
  title={Real-Time Precise Human-Computer Interaction System Based on Gaze Estimation and Tracking},
  author={Huang, Junhao and Zhang, Zhicheng and Xie, Guoping and He, Hui},
  journal={Wireless Communications and Mobile Computing},
  volume={2021},
  pages={10},
  articleID={8213946},
  year={2021},
  doi={10.1155/2021/8213946}
}

@article{paper6e,
  title={Man-Computer Symbiosis},
  author={Licklider, J. C. R.},
  journal={IRE Transactions on Human Factors in Electronics},
  volume={HFE-1},
  pages={4--11},
  year={1960},
  month={Mar},
  doi={10.1109/THFE2.1960.4503259},
  issn={2168-2836}
}

@article{paper7,
author = {Weiser, Mark},
title = {The Computer for the 21st Century},
year = {1999},
issue_date = {July 1999},
publisher = {ACM},
address = {New York, NY, USA},
volume = {3},
number = {3},
issn = {1559-1662},
doi = {10.1145/329124.329126},
journal = {SIGMOBILE Mob. Comput. Commun. Rev.},
month = {jul},
pages = {3–11},
numpages = {9}
}

@article{paper8e,
  title={Human-Engaged Computing: the future of Human–Computer Interaction},
  author={Ren, X. and Silpasuwanchai, C. and Cahill, J.},
  journal={CCF Trans. Pervasive Comp. Interact.},
  volume={1},
  pages={47--68},
  year={2019},
  doi={10.1007/s42486-019-00007-0}
}

@book{paper9,
author = {Jerald, Jason},
title = {The VR Book: Human-Centered Design for Virtual Reality},
year = {2015},
isbn = {9781970001129},
publisher = {ACM and Morgan \& Claypool},
doi={10.1145/2792790}
}

@article{paper10,
  title={A Comparison of Immersive Realities and Interaction Methods: Cultural Learning in Virtual Heritage},
  author={Bekele, MK and Champion, E},
  journal={Front. Robot. AI},
  volume={6},
  pages={91},
  year={2019},
  publisher={Frontiers},
  doi={10.3389/frobt.2019.00091}
}

@article{paper11e,
  title={Spatial computing},
  author={Greenwold, Simon},
  journal={Massachusetts Institute of Technology, Master},
  year={2003},
  publisher={Citeseer},
  url = {https://acg.media.mit.edu/people/simong/thesis/SpatialComputing.pdf},
}

@article{paper14,
  title={Virtual Reality History , Applications , Technology and Future},
  author={Mazuryk, Tomasz and Gervautz, Michael},
  journal={Virtual Reality},
  volume={72},
  number={4},
  pages={486--497},
  year={1996},
  publisher={Citeseer},
  url={https://api.semanticscholar.org/CorpusID:16772747}
}

@article{paper15,
  title={The past, present, and future of virtual and augmented reality research: a network and cluster analysis of the literature},
  author={Cipresso, Pietro and Giglioli, Irene Alice Chicchi and Raya, Mariano Alca{\~n}iz and Riva, Giuseppe},
  journal={Frontiers in psychology},
  pages={2086},
  year={2018},
  publisher={Frontiers},
  doi = {10.3389/fpsyg.2018.02086}
}


@inproceedings{paper16,
  author={Dinh, H.Q. and Walker, N. and Hodges, L.F. and Chang Song and Kobayashi, A.},
  booktitle={Proceedings IEEE Virtual Reality (Cat. No. 99CB36316)}, 
  title={Evaluating the importance of multi-sensory input on memory and the sense of presence in virtual environments}, 
  year={1999},
  pages={222-228},
  doi={10.1109/VR.1999.756955},
  publisher={IEEE}
}

@article{paper17e,
  title={Multisensory integration: current issues from the perspective of the single neuron},
  author={Stein, Barry E and Stanford, Terrence R},
  journal={Nature reviews neuroscience},
  volume={9},
  number={4},
  pages={255--266},
  year={2008},
  publisher={Nature Publishing Group UK London},
  doi = {10.1038/nrn2331}
}

@book{paper18e,
  title = {Wednesday is indigo blue: Discovering the brain of synesthesia},
  author = {Cytowic, R. E. and Eagleman, D. M.},
  year = {2009},
  isbn = {9780262516709},
  publisher={Mit Press}
}

@article{paper19,
  author = {Reif, John and Alhalabi, Wadee},
  year = {2018},
  month = {08},
  title = {Advancing Attention Control Using VR-Induced Multimodal Artificial Synesthesia},
  doi = {10.20944/preprints201808.0134.v1},
  publisher={Preprints}
}

@article{paper20,
title = {Haptic display for virtual reality: progress and challenges},
journal = {Virtual Reality & Intelligent Hardware},
volume = {1},
number = {2},
pages = {136-162},
year = {2019},
issn = {2096-5796},
doi = {10.3724/SP.J.2096-5796.2019.0008},
author = {Dangxiao WANG and Yuan GUO and Shiyi LIU and Yuru ZHANG and Weiliang XU and Jing XIAO},
publisher={Elsevier}
}

@article{paper21,
  title={Active Haptic Perception in Robots: A Review},
  author={Lucia Seminara and Paolo Gastaldo and Simon J. Watt and Kenneth F. Valyear and Fernando Zuher and Fulvio Mastrogiovanni},
  journal={Frontiers in Neurorobotics},
  year={2019},
  volume={13},
  publisher={Frontiers Media SA},
  doi={10.3389/fnbot.2019.00053},
  issn={1662-5218},
}

@article{paper22,
  title={Learning to integrate arbitrary signals from vision and touch.},
  author={Marc O. Ernst},
  journal={Journal of vision},
  volume={7},
  number={5},
  pages={7--7},
  year={2007},
  publisher={The Association for Research in Vision and Ophthalmology},
  url={https://api.semanticscholar.org/CorpusID:6345612}
}


@ARTICLE{paper23,
  author={Delmerico, Jeffrey and Poranne, Roi and Bogo, Federica and Oleynikova, Helen and Vollenweider, Eric and Coros, Stelian and Nieto, Juan and Pollefeys, Marc},
  journal={IEEE Robotics & Automation Magazine}, 
  title={Spatial Computing and Intuitive Interaction: Bringing Mixed Reality and Robotics Together}, 
  year={2022},
  volume={29},
  number={1},
  pages={45-57},
  doi={10.1109/MRA.2021.3138384}
  }

  
@Article{paper24,
AUTHOR = {Iskandar, Abdullah and Al-Sada, Mohammed and Miyake, Tamon and Saraiji, Yamen and Halabi, Osama and Nakajima, Tatsuo},
TITLE = {Piton: Investigating the Controllability of a Wearable Telexistence Robot},
JOURNAL = {Sensors},
VOLUME = {22},
YEAR = {2022},
NUMBER = {21},
ARTICLE-NUMBER = {8574},
PubMedID = {36366272},
ISSN = {1424-8220},
DOI = {10.3390/s22218574},
publisher={MDPI}
}

@article{paper25,
author = {Choi, Suyeon and Gopakumar, Manu and Peng, Yifan and Kim, Jonghyun and Wetzstein, Gordon},
title = {Neural 3D Holography: Learning Accurate Wave Propagation Models for 3D Holographic Virtual and Augmented Reality Displays},
year = {2021},
issue_date = {December 2021},
publisher = {ACM},
address = {New York, NY, USA},
volume = {40},
number = {6},
issn = {0730-0301},
doi = {10.1145/3478513.3480542},
journal = {ACM Trans. Graph.},
month = {dec},
articleno = {240},
numpages = {12},
}

@book{paper26,
  title={Artificial Intelligence: a Modern Approach},
  author={Russell, Stuart J.},
  year={2010},
  publisher={Prentice Hall},
  isbn={0-13-461099-7},
}

@article{paper27,
author = {Synofzik, Matthis and Vosgerau, Gottfried and Voss, Martin},
year = {2013},
month = {03},
pages = {127},
title = {The experience of agency: An interplay between prediction and postdiction},
volume = {4},
journal = {Frontiers in psychology},
doi = {10.3389/fpsyg.2013.00127}
}

@article{paper28,
  title={Measuring the effects through time of the influence of visuomotor and visuotactile synchronous stimulation on a virtual body ownership illusion},
  author={Kokkinara, E and Slater, M},
  journal={Perception},
  volume={43},
  number={1},
  pages={43--58},
  year={2014},
  doi={10.1068/p7545}
}

@INPROCEEDINGS{paper29,
  author={Aziz, K M Arafat and Luo, Hu and Asma, Lehiany and Xu, Weiliang and Zhang, Yuru and Wang, Dangxiao},
  booktitle={2020 IEEE International Symposium on Mixed and Augmented Reality (ISMAR)}, 
  title={Haptic Handshank – A Handheld Multimodal Haptic Feedback Controller for Virtual Reality}, 
  pages={239-250},
  doi={10.1109/ISMAR50242.2020.00047}
}

@inproceedings{paper30,
author = {Jang, Sungjune and Kim, Lawrence H. and Tanner, Kesler and Ishii, Hiroshi and Follmer, Sean},
title = {Haptic Edge Display for Mobile Tactile Interaction},
year = {2016},
isbn = {9781450333627},
publisher = {ACM},
doi = {10.1145/2858036.2858264},
pages = {3706–3716},
numpages = {11},
series = {CHI '16}
}

@article{paper31, 
title={A wearable wrist haptic display for motion tracking and force feedback in the operational space}, 
volume={2}, 
DOI={10.1017/wtc.2021.4}, 
journal={Wearable Technologies}, 
publisher={Cambridge University Press}, 
author={Laghi, Marco and Catalano, Manuel G. and Grioli, Giorgio and Bicchi, Antonio}, 
year={2021}, 
pages={e5}
}

@article{paper32,
  title={Explanations in Autonomous Driving: A Survey},
  author={Daniel Omeiza and Helena Webb and Marina Jirotka and Lars Kunze},
  journal={IEEE Transactions on Intelligent Transportation Systems},
  year={2021},
  volume={23},
  pages={10142-10162}
}

@inproceedings{paper33,
author = {Langlois, Sabine},
title = {ADAS HMI Using Peripheral Vision},
year = {2013},
isbn = {9781450324786},
publisher = {ACM},
doi = {10.1145/2516540.2516558},
pages = {74–81},
numpages = {8},
series = {AutomotiveUI '13}
}

@inproceedings{paper34,
author = {Sirkin, David and Martelaro, Nikolas and Johns, Mishel and Ju, Wendy},
title = {Toward Measurement of Situation Awareness in Autonomous Vehicles},
year = {2017},
isbn = {9781450346559},
publisher = {ACM},
doi = {10.1145/3025453.3025822},
pages = {405–415},
numpages = {11},
series = {CHI '17}
}

@inproceedings{paper35,
author = {Di Campli San Vito, Patrizia and Brown, Edward and Brewster, Stephen and Pollick, Frank and Thompson, Simon and Skrypchuk, Lee and Mouzakitis, Alexandros},
title = {Haptic Feedback for the Transfer of Control in Autonomous Vehicles},
year = {2020},
isbn = {9781450380669},
publisher = {ACM},
doi = {10.1145/3409251.3411717},
pages = {34–37},
numpages = {4},
series = {AutomotiveUI '20}
}

@inproceedings{ref_001,
author = {Jeong, Seungzoo and Hashimoto, Naoki and Makoto, Sato},
title = {A Novel Interaction System with Force Feedback between Real - and Virtual Human: An Entertainment System: "Virtual Catch Ball"},
year = {2004},
isbn = {1581138822},
publisher = {ACM},
doi = {10.1145/1067343.1067350},
pages = {61–66},
numpages = {6},
series = {ACE '04}
}

@article{ref_002,
author = {Secciani, Nicola and Brogi, Chiara and Pagliai, Marco and Buonamici, Francesco and Gerli, Filippo and Vannetti, Federica and Bianchini, Massimo and Volpe, Yary and Ridolfi, Alessandro},
year = {2021},
month = {10},
pages = {},
title = {Wearable Robots: An Original Mechatronic Design of a Hand Exoskeleton for Assistive and Rehabilitative Purposes},
volume = {15},
journal = {Frontiers in Neurorobotics},
doi = {10.3389/fnbot.2021.750385}
}

@inproceedings{ref_003,
author = {Fang, Cathy and Zhang, Yang and Dworman, Matthew and Harrison, Chris},
title = {Wireality: Enabling Complex Tangible Geometries in Virtual Reality with Worn Multi-String Haptics},
year = {2020},
isbn = {9781450367080},
publisher = {ACM},
doi = {10.1145/3313831.3376470},
pages = {1–10},
numpages = {10},
series = {CHI '20}
}

@inproceedings{ref_004,
author = {Yi, HyeonBeom and Hong, Jiwoo and Kim, Hwan and Lee, Woohun},
title = {DexController: Designing a VR Controller with Grasp-Recognition for Enriching Natural Game Experience},
year = {2019},
isbn = {9781450370011},
publisher = {ACM},
doi = {10.1145/3359996.3364263},
articleno = {22},
numpages = {11},
series = {VRST '19}
}

@inproceedings{ref_005,
author = {Tsai, Hsin-Ruey and Rekimoto, Jun and Chen, Bing-Yu},
title = {ElasticVR: Providing Multilevel Continuously-Changing Resistive Force and Instant Impact Using Elasticity for VR},
year = {2019},
isbn = {9781450359702},
publisher = {ACM},
doi = {10.1145/3290605.3300450},
pages = {1–10},
numpages = {10},
series = {CHI '19}
}

@inproceedings{ref_006,
author = {Hung, Ching-Wen and Wu, Tzu-Chun and Tsai, Hsin-Ruey and Chen, Bing-Yu},
title = {Demonstration of ElastOscillation: A VR Controller Providing 3D Multilevel Feedback for Damped Oscillation},
year = {2020},
isbn = {9781450368193},
publisher = {ACM},
doi = {10.1145/3334480.3383143},
pages = {1–3},
numpages = {3},
series = {CHI EA '20}
}

@inproceedings{ref_007,
author = {Wang, Yu-Wei and Lin, Yu-Hsin and Ku, Pin-Sung and Miyatake, Y\={o}ko and Mao, Yi-Hsuan and Chen, Po Yu and Tseng, Chun-Miao and Chen, Mike Y.},
title = {JetController: High-Speed Ungrounded 3-DoF Force Feedback Controllers Using Air Propulsion Jets},
year = {2021},
isbn = {9781450380966},
publisher = {ACM},
doi = {10.1145/3411764.3445549},
articleno = {124},
numpages = {12},
series = {CHI '21}
}

@inproceedings{ref_008,
author = {Tsai, Ching-Yi and Tsai, I-Lun and Lai, Chao-Jung and Chow, Derrek and Wei, Lauren and Cheng, Lung-Pan and Chen, Mike Y.},
title = {AirRacket: Perceptual Design of Ungrounded, Directional Force Feedback to Improve Virtual Racket Sports Experiences},
year = {2022},
isbn = {9781450391573},
publisher = {ACM},
doi = {10.1145/3491102.3502034},
articleno = {185},
numpages = {15},
series = {CHI '22}
}

@inproceedings{ref_009,
author = {Zhang, Zhong-Yi and Chen, Hong-Xian and Wang, Shih-Hao and Tsai, Hsin-Ruey},
title = {ELAXO: Rendering Versatile Resistive Force Feedback for Fingers Grasping and Twisting},
year = {2022},
isbn = {9781450393201},
publisher = {ACM},
doi = {10.1145/3526113.3545677},
articleno = {53},
numpages = {14},
series = {UIST '22}
}

@inproceedings{ref_010,
author = {Nagai, Kazuki and Tanoue, Soma and Akahane, Katsuhito and Sato, Makoto},
title = {Wearable 6-DoF Wrist Haptic Device "SPIDAR-W"},
year = {2015},
isbn = {9781450339322},
publisher = {ACM},
doi = {10.1145/2818384.2818403},
articleno = {19},
numpages = {2},
series = {SA '15}
}

@inproceedings{ref_012,
author = {Fujinawa, Eisuke and Yoshida, Shigeo and Koyama, Yuki and Narumi, Takuji and Tanikawa, Tomohiro and Hirose, Michitaka},
title = {Computational Design of Hand-Held VR Controllers Using Haptic Shape Illusion},
year = {2017},
isbn = {9781450355483},
publisher = {ACM},
doi = {10.1145/3139131.3139160},
articleno = {28},
numpages = {10},
series = {VRST '17}
}

@inproceedings{ref_013,
author = {Shigeyama, Jotaro and Hashimoto, Takeru and Yoshida, Shigeo and Narumi, Takuji and Tanikawa, Tomohiro and Hirose, Michitaka},
title = {Transcalibur: A Weight Shifting Virtual Reality Controller for 2D Shape Rendering Based on Computational Perception Model},
year = {2019},
isbn = {9781450359702},
publisher = {ACM},
doi = {10.1145/3290605.3300241},
pages = {1–11},
numpages = {11},
series = {CHI '19}
}

@inproceedings{ref_014,
author = {Sun, Yuqian and Yoshida, Shigeo and Narumi, Takuji and Hirose, Michitaka},
title = {PaCaPa: A Handheld VR Device for Rendering Size, Shape, and Stiffness of Virtual Objects in Tool-Based Interactions},
year = {2019},
isbn = {9781450359702},
publisher = {ACM},
doi = {10.1145/3290605.3300682},
pages = {1–12},
numpages = {12},
series = {CHI '19}
}

@inproceedings{ref_015,
author = {Arai, Takahiro and Inoue, Akifumi},
title = {BLASTNEL: Collision Sensation Display for Virtual Reality Games Using Highly Compressed Air},
year = {2020},
isbn = {9781450376969},
publisher = {ACM},
doi = {10.1145/3369457.3369534},
pages = {572–576},
numpages = {5},
series = {OzCHI '19}
}

@inproceedings{ref_017,
author = {Hashimoto, Takeru and Yoshida, Shigeo and Narumi, Takuji},
title = {MetamorphX: An Ungrounded 3-DoF Moment Display That Changes Its Physical Properties through Rotational Impedance Control},
year = {2022},
isbn = {9781450393201},
publisher = {ACM},
doi = {10.1145/3526113.3545650},
articleno = {72},
numpages = {14},
series = {UIST '22}
}

@inproceedings{ref_018,
author = {Liu, Guanhong and Yu, Tianyu and Yu, Chun and Xu, Haiqing and Xu, Shuchang and Yang, Ciyuan and Wang, Feng and Mi, Haipeng and Shi, Yuanchun},
title = {Tactile Compass: Enabling Visually Impaired People to Follow a Path with Continuous Directional Feedback},
year = {2021},
isbn = {9781450380966},
publisher = {ACM},
doi = {10.1145/3411764.3445644},
articleno = {28},
numpages = {13},
series = {CHI '21}
}

@inproceedings{ref_021,
author = {Nakamura, Takuto and Yem, Vibol and Kajimoto, Hiroyuki},
title = {Hapbelt: Haptic Display for Presenting Vibrotactile and Force Sense Using Belt-Winding Mechanism},
year = {2017},
isbn = {9781450354042},
publisher = {ACM},
doi = {10.1145/3132818.3132825},
articleno = {7},
numpages = {2},
series = {SA '17}
}

@inproceedings{ref_EMS001,
author = {Lopes, Pedro and Ion, Alexandra and Baudisch, Patrick},
title = {Impacto: Simulating Physical Impact by Combining Tactile Stimulation with Electrical Muscle Stimulation},
year = {2015},
isbn = {9781450337793},
publisher = {ACM},
doi = {10.1145/2807442.2807443},
pages = {11–19},
numpages = {9},
series = {UIST '15}
}

@inproceedings{ref_EMS002,
author = {Lopes, Pedro and Jonell, Patrik and Baudisch, Patrick},
title = {Affordance++: Allowing Objects to Communicate Dynamic Use},
year = {2015},
isbn = {9781450331456},
publisher = {ACM},
doi = {10.1145/2702123.2702128},
pages = {2515–2524},
numpages = {10},
series = {CHI '15}
}

@inproceedings{ref_EMS003,
author = {Lopes, Pedro and You, Sijing and Cheng, Lung-Pan and Marwecki, Sebastian and Baudisch, Patrick},
title = {Providing Haptics to Walls \& Heavy Objects in Virtual Reality by Means of Electrical Muscle Stimulation},
year = {2017},
isbn = {9781450346559},
publisher = {ACM},
doi = {10.1145/3025453.3025600},
pages = {1471–1482},
numpages = {12},
series = {CHI '17}
}

@inproceedings{ref_EMS004,
author = {Lopes, Pedro and You, Sijing and Ion, Alexandra and Baudisch, Patrick},
title = {Adding Force Feedback to Mixed Reality Experiences and Games Using Electrical Muscle Stimulation},
year = {2018},
isbn = {9781450356206},
publisher = {ACM},
doi = {10.1145/3173574.3174020},
pages = {1–13},
numpages = {13},
series = {CHI '18}
}

@inproceedings{ref_MR001,
author = {Whitmire, Eric and Benko, Hrvoje and Holz, Christian and Ofek, Eyal and Sinclair, Mike},
title = {Haptic Revolver: Touch, Shear, Texture, and Shape Rendering on a Reconfigurable Virtual Reality Controller},
year = {2018},
isbn = {9781450356206},
publisher = {ACM},
doi = {10.1145/3173574.3173660},
pages = {1–12},
numpages = {12},
series = {CHI '18}
}

@inproceedings{ref_MR002,
author = {Sinclair, Mike and Ofek, Eyal and Gonzalez-Franco, Mar and Holz, Christian},
title = {CapstanCrunch: A Haptic VR Controller with User-Supplied Force Feedback},
year = {2019},
isbn = {9781450368162},
publisher = {ACM},
doi = {10.1145/3332165.3347891},
pages = {815–829},
numpages = {15},
series = {UIST '19}
}

@inproceedings{ref_MR003,
author = {Kovacs, Robert and Ofek, Eyal and Gonzalez Franco, Mar and Siu, Alexa Fay and Marwecki, Sebastian and Holz, Christian and Sinclair, Mike},
title = {Haptic PIVOT: On-Demand Handhelds in VR},
year = {2020},
isbn = {9781450375146},
publisher = {ACM},
doi = {10.1145/3379337.3415854},
pages = {1046–1059},
numpages = {14},
series = {UIST '20}
}

@inproceedings{ref_MR004,
author = {Lee, Jaeyeon and Sinclair, Mike and Gonzalez-Franco, Mar and Ofek, Eyal and Holz, Christian},
title = {TORC: A Virtual Reality Controller for In-Hand High-Dexterity Finger Interaction},
year = {2019},
isbn = {9781450359702},
publisher = {ACM},
doi = {10.1145/3290605.3300301},
pages = {1–13},
numpages = {13},
series = {CHI '19}
}

@inproceedings{ref_MR005,
author = {Gonzalez, Eric J and Ofek, Eyal and Gonzalez-Franco, Mar and Sinclair, Mike},
title = {X-Rings: A Hand-Mounted 360° Shape Display for Grasping in Virtual Reality},
year = {2021},
isbn = {9781450386357},
publisher = {ACM},
doi = {10.1145/3472749.3474782},
pages = {732–742},
numpages = {11},
series = {UIST '21}
}

@inproceedings{ref_S001,
author = {Bouzbib, Elodie and Bailly, Gilles and Haliyo, Sinan and Frey, Pascal},
title = {“Can I Touch This?”: Survey of Virtual Reality Interactions via Haptic Solutions: Revue de Litt\'{e}Rature Des Interactions En R\'{e}Alit\'{e} Virtuelle Par Le Biais de Solutions Haptiques},
year = {2022},
isbn = {9781450383622},
publisher = {ACM},
doi = {10.1145/3450522.3451323},
articleno = {9},
numpages = {16},
series = {IHM '21}
}

@ARTICLE{ref_S003,
  author={Ujitoko, Yusuke and Ban, Yuki},
  journal={IEEE Transactions on Haptics}, 
  title={Survey of Pseudo-Haptics: Haptic Feedback Design and Application Proposals}, 
  year={2021},
  volume={14},
  number={4},
  pages={699-711},
  doi={10.1109/TOH.2021.3077619}
}

@INPROCEEDINGS{ref_motion001,
  author={Ouarti, Nizar and Lécuyer, Anatole and Berthoz, Alain},
  booktitle={2014 IEEE Haptics Symposium (HAPTICS)}, 
  title={Haptic motion: Improving sensation of self-motion in virtual worlds with force feedback}, 
  year={2014},
  pages={167-174},
  doi={10.1109/HAPTICS.2014.6775450}
}

@INPROCEEDINGS{ref_motion002,
  author={Lecuyer, A. and Vidal, M. and Joly, O. and Megard, C. and Berthoz, A.},
  booktitle={12th International Symposium on Haptic Interfaces for Virtual Environment and Teleoperator Systems, 2004. HAPTICS '04. Proceedings.}, 
  title={Can haptic feedback improve the perception of self-motion in virtual reality?}, 
  year={2004},
  pages={208-215},
  doi={10.1109/HAPTIC.2004.1287198}
}

@inproceedings{ref_motion003,
author = {Danieau, Fabien and Fleureau, Julien and Guillotel, Philippe and Mollet, Nicolas and L\'{e}cuyer, Anatole and Christie, Marc},
title = {HapSeat: Producing Motion Sensation with Multiple Force-Feedback Devices Embedded in a Seat},
year = {2012},
isbn = {9781450314695},
publisher = {ACM},
doi = {10.1145/2407336.2407350},
pages = {69–76},
numpages = {8},
series = {VRST '12}
}

@inproceedings{ref_motion004,
author = {Rietzler, Michael and Hirzle, Teresa and Gugenheimer, Jan and Frommel, Julian and Dreja, Thomas and Rukzio, Enrico},
title = {VRSpinning: Exploring the Design Space of a 1D Rotation Platform to Increase the Perception of Self-Motion in VR},
year = {2018},
isbn = {9781450351980},
publisher = {ACM},
doi = {10.1145/3196709.3196755},
pages = {99–108},
numpages = {10},
series = {DIS '18}
}

@INPROCEEDINGS{ref_motion005,
  author={Bouyer, Guillaume and Chellali, Amine and Lécuyer, Anatole},
  booktitle={2017 IEEE Virtual Reality (VR)}, 
  title={Inducing self-motion sensations in driving simulators using force-feedback and haptic motion}, 
  year={2017},
  pages={84-90},
  doi={10.1109/VR.2017.7892234}
}

@inproceedings{paper36,
  author = {Kim, Hwan and Yi, HyeonBeom and Lee, Hyein and Lee, Woohun},
  title = {HapCube: A Wearable Tactile Device to Provide Tangential and Normal Pseudo-Force Feedback on a Fingertip},
  year = {2018},
  isbn = {9781450356206},
  publisher = {ACM},
  doi = {10.1145/3173574.3174075},
  pages = {1–13},
  numpages = {13},
  series = {CHI '18}
}

@article{paper37,
  author = {Riek, Laurel D.},
  title = {Wizard of Oz Studies in HRI: A Systematic Review and New Reporting Guidelines},
  year = {2012},
  issue_date = {July 2012},
  publisher = {Journal of Human-Robot Interaction Steering Committee},
  volume = {1},
  number = {1},
  doi = {10.5898/JHRI.1.1.Riek},
  month = {jul},
  pages = {119–136},
  numpages = {18},
}

@article{paper38,
  title={The Sense of Agency Scale: A Measure of Consciously Perceived Control over One's Mind, Body, and the Immediate Environment},
  author={Tapal, Adam and Oren, Ela and Dar, Reuven and Eitam, Baruch},
  journal={Frontiers in Psychology},
  volume={8},
  year={2017},
  doi={10.3389/fpsyg.2017.01552},
  issn={1664-1078},
}

@inproceedings{paper39,
  title={The Game Experience Questionnaire},
  author={IJsselsteijn, Wijnand A and De Kort, Yvonne AW and Poels, Karolien},
  year={2013},
  publisher={Technische Universiteit Eindhoven},
  url={https://pure.tue.nl/ws/files/21666907/Game_Experience_Questionnaire_English.pdf},
}